 
Bibtex (bib) file for the thesis style document.
 
@string{Knuth="Donald E. Knuth"}
 
@book{book,
   author = knuth,
   title = "The {\TeX} book",
   publisher = "Addison-Wesley",
   year = 1984}
 
@book{Tbook,
   author = knuth,
   title = "{\TeX}: The Program",
   publisher = "Addison-Wesley",
   year = 1986}
 
@book{Metafont,
   author = knuth,
   title = "The Metafont book",
   publisher = "Addison-Wesley",
   year = 1986}
 
@book{CMT,
   author = knuth,
   title = "Computer Modern Typefaces",
   publisher = "Addison-Wesley",
   year = 1986}
 
@book{Lbook,
   author = "Leslie Lamport",
   title = "{\LaTeX}: A Document Preparation System",
   edition = "2nd",
   publisher = "Addison-Wesley",
   year = 1994}
 
@book{companion,
   author = "M{ichel} Goossens and F{rank} Mittelbach and A{lexander} Samarin",
   title = "The {\LaTeX} Companion",
   publisher = "Addison-Wesley",
   year = 1994}
 
@article{TUG:h-l,
  author = "Editor",
  title = "Hyphenation Exception Log",
  journal = "TUGboat",
  volume = 7,
  number = 3,
  year = 1986,
  pages = "145"}
 
 
@book{Hamlet,
   author = "William Shakespeare",
   title = "Hamlet",
   publisher = "F.S.~Crofts~\&~Co., Inc.",
   address = "NY",
   year = 1946,
   note = "Act~I, Scene~3, Lines~70-72, are apropos."}
 
Following author fields is not standard
@book{JTeX,
   author = "{Spivak, M.D., Ph.D.}",
   title = "The Joy of {\TeX}",
   publisher = "American Mathematical Society",
   address = "RI",
   year = 1986}
 
@book{PCTeX,
   author = "{Spivak, M.D., Ph.D.}",
   title = "PC{\TeX}\ Manual",
   publisher = "Personal {\TeX}, Inc.",
   address = "CA",
   year = 1985}

@book{texbook,
  author = {Donald E. Knuth},
  year = {1986},
  title = {The {\TeX} Book},
  publisher = {Addison-Wesley Professional}
}

@article{shao2003zubud,
  title={Zubud-zurich buildings database for image based recognition},
  author={Shao, Hao and Svoboda, Tom{\'a}{\v{s}} and Van Gool, Luc},
  journal={Computer Vision Lab, Swiss Federal Institute of Technology, Switzerland, Tech. Rep},
  volume={260},
  number={20},
  pages={6},
  year={2003}
}

@inproceedings{oxford-dataset,
  title={Object retrieval with large vocabularies and fast spatial matching},
  author={Philbin, James and Chum, Ondrej and Isard, Michael and Sivic, Josef and Zisserman, Andrew},
  booktitle={2007 IEEE conference on computer vision and pattern recognition},
  pages={1--8},
  year={2007},
  organization={IEEE}
}


@inproceedings{olson2016keypoint,
  title={Keypoint recognition with histograms of normalized colors},
  author={Olson, Clark F and Zhang, Siqi},
  booktitle={2016 13th Conference on Computer and Robot Vision (CRV)},
  pages={311--318},
  year={2016},
  organization={IEEE}
}

@inproceedings{olson2016complementary,
  title={Complementary keypoint descriptors},
  author={Olson, Clark F and Hoover, Sam A and Soltman, Jordan L and Zhang, Siqi},
  booktitle={Advances in Visual Computing: 12th International Symposium, ISVC 2016, Las Vegas, NV, USA, December 12-14, 2016, Proceedings, Part I 12},
  pages={341--352},
  year={2016},
  organization={Springer}
}

@inproceedings{dong2015domain,
  title={Domain-size pooling in local descriptors: DSP-SIFT},
  author={Dong, Jingming and Soatto, Stefano},
  booktitle={Proceedings of the IEEE conference on computer vision and pattern recognition},
  pages={5097--5106},
  year={2015}
}

@article{zhao2023aliked,
  title={ALIKED: A Lighter Keypoint and Descriptor Extraction Network via Deformable Transformation},
  author={Zhao, Xiaoming and Wu, Xingming and Chen, Weihai and Chen, Peter CY and Xu, Qingsong and Li, Zhengguo},
  journal={IEEE Transactions on Instrumentation and Measurement},
  year={2023},
  publisher={IEEE}
}
@inproceedings{balntas2017hpatches,
  title={HPatches: A benchmark and evaluation of handcrafted and learned local descriptors},
  author={Balntas, Vassileios and Lenc, Karel and Vedaldi, Andrea and Mikolajczyk, Krystian},
  booktitle={Proceedings of the IEEE conference on computer vision and pattern recognition},
  pages={5173--5182},
  year={2017}
}
@inproceedings{balntas2016learning,
  title={Learning local feature descriptors with triplets and shallow convolutional neural networks.},
  author={Balntas, Vassileios and Riba, Edgar and Ponsa, Daniel and Mikolajczyk, Krystian},
  booktitle={Bmvc},
  volume={1},
  number={2},
  pages={3},
  year={2016}
}
@inproceedings{you2022gpu,
  title={GPU-accelerated Faster Mean Shift with euclidean distance metrics},
  author={You, Le and Jiang, Han and Hu, Jinyong and Chang, C Hwa and Chen, Lingxi and Cui, Xintong and Zhao, Mengyang},
  booktitle={2022 IEEE 46th Annual Computers, Software, and Applications Conference (COMPSAC)},
  pages={211--216},
  year={2022},
  organization={IEEE}
}
@inproceedings{li2010chunking,
  title={A chunking method for euclidean distance matrix calculation on large dataset using multi-gpu},
  author={Li, Qi and Kecman, Vojislav and Salman, Raied},
  booktitle={2010 Ninth International Conference on Machine Learning and Applications},
  pages={208--213},
  year={2010},
  organization={Ieee}
}
@article{gallet2022computing,
  title={Computing Double Precision Euclidean Distances using GPU Tensor Cores},
  author={Gallet, Benoit and Gowanlock, Michael},
  journal={arXiv preprint arXiv:2209.11287},
  year={2022}
}
@inproceedings{lee2023multi,
  title={Multi-Scale Local Implicit Keypoint Descriptor for Keypoint Matching},
  author={Lee, JongMin and Park, Eunhyeok and Yoo, Sungjoo},
  booktitle={Proceedings of the IEEE/CVF Conference on Computer Vision and Pattern Recognition},
  pages={6144--6153},
  year={2023}
}
 
